@MISC {rontgen,
    author       = "NobelPrize.org",
    title        = "Wilhelm Conrad R{\"o}ntgen - Biographical",
    howpublished = "http://www.nobelprize.org/nobel\_prizes/physics/laureates/1901/rontgen-bio.html",
    note         = "{Last Accessed: 30/01/15}"
}

@MISC {xraydeath,
    author       = "Nukes.org",
    title        = "{First American X-Ray Fatality}",
    howpublished = "{http://www.nukes.org/MAp/dally.html}",
    note         = "{Last Accessed: 30/01/15}"
}

@MISC {infinityhistory,
    author       = "Infinity Imaging Lab",
    title        = "{A history of medical imaging}",
    howpublished = "{http://www.infinityugent.be/research-development/a-history-of-medical-imaging}",
    note         = "{Last Accessed: 30/01/15}"
}

@MISC {bshr:mallard,
    author       = "The British Society for the History of Radiology",
    title        = "{John Mallard}",
    howpublished = "{http://www.bshr.org.uk/mallard.html}",
    note         = "{Last Accessed: 30/01/15}"
}

@MISC {fmri,
    author       = "Magnetic-Resonance.org",
    title        = "{Functional Imaging}",
    howpublished = "{http://www.magnetic-resonance.org/ch/11-03.html}",
    note         = "{Last Accessed: 30/01/15}"
}

@MISC {pregnancyimagingguidelines,
    author       = "American Congress of Obstetricians and Gynecologists",
    title        = "{Guidelines for Diagnostic Imaging During Pregnancy}",
    howpublished = "{http://www.acog.org/Resources-And-Publications/Committee-Opinions/Committee-on-Obstetric-Practice/Guidelines-for-Diagnostic-Imaging-During-Pregnancy}",
    note         = "{Last Accessed: 30/01/15}"
}

@MISC {howmriworks,
    author       = "How Equipment Works.com",
    title        = "{Magnetic Resonance Imaging: Basic principles of how it works}",
    howpublished = "{http://www.howequipmentworks.com/physics/medical\_imaging/mri/magnetic\_resonance\_imaging.html}",
    note         = "{Last Accessed: 30/01/15}"
}

@TECHREPORT {fetalmri,
    author      = "Sahar N. Saleem",
    title       = "Fetal MRI: An approach to practice: A review",
    institution = "Kasr Al Ainy Faculty of Medicine",
    year        = "2013",
    address     = "http://www.sciencedirect.com/science/article/pii/S2090123213000805"
}

@TECHREPORT {superresolution1,
    author      = "Eric Van Reeth and Ivan W. K. Tham and Cher Heng Tan and Chueh Loo Poh",
    title       = "Super-Resolution in Magnetic Resonance Imaging: A Review",
    institution = "Nanyang Technological University, National University Cancer Institute, Tan Tock Seng Hospital",
    year        = "2012",
    address     = "http://onlinelibrary.wiley.com/doi/10.1002/cmr.a.21249/abstract"
}

@TECHREPORT {superresolution2,
    author      = "Sung Cheol Park and Min Kyu Park and Moon Gi Kang",
    title       = "Super-Resolution Image Reconstruction: A Technical Overview",
    institution = "IEEE",
    year        = "2003",
    address     = "http://ieeexplore.ieee.org/stamp/stamp.jsp?arnumber=1203207\&tag=1"
}

@MISC {wienerfilter,
    author       = "Rice University",
    title        = "{Wiener Filtering}",
    howpublished = "{http://www.owlnet.rice.edu/~elec539/Projects99/BACH/proj2/wiener.html}",
    note         = "{Last Accessed: 30/01/15}"
}

@TECHREPORT {shannonnyquist,
    author      = "Claude E. Shannon",
    title       = "Communication in the Presence of Noise",
    institution = "IEEE",
    year        = "1998",
    address     = "http://web.stanford.edu/class/ee104/shannonpaper.pdf",
    note        = "Last Accessed: 30/01/2015"
}

@MISC {nvidia:volumerendering,
    author       = "Nvidia",
    title        = "Chapter 39. Volume Rendering Techniques",
    howpublished = "http://http.developer.nvidia.com/GPUGems/gpugems\_ch39.html",
    note         = "{Last Accessed: 30/01/15}"
}