@MISC {rontgen,
    author       = "NobelPrize.org",
    title        = "Wilhelm Conrad R{\"o}ntgen - Biographical",
    howpublished = "http://www.nobelprize.org/nobel\_prizes/physics/laureates/1901/rontgen-bio.html",
    note         = "{Last Accessed: 30/01/15}"
}

@MISC {xraydeath,
    author       = "Nukes.org",
    title        = "{First American X-Ray Fatality}",
    howpublished = "{http://www.nukes.org/MAp/dally.html}",
    note         = "{Last Accessed: 30/01/15}"
}

@MISC {infinityhistory,
    author       = "Infinity Imaging Lab",
    title        = "{A history of medical imaging}",
    howpublished = "{http://www.infinityugent.be/research-development/a-history-of-medical-imaging}",
    note         = "{Last Accessed: 30/01/15}"
}

@MISC {bshr:mallard,
    author       = "The British Society for the History of Radiology",
    title        = "{John Mallard}",
    howpublished = "{http://www.bshr.org.uk/mallard.html}",
    note         = "{Last Accessed: 30/01/15}"
}

@MISC {fmri,
    author       = "Magnetic-Resonance.org",
    title        = "{Functional Imaging}",
    howpublished = "{http://www.magnetic-resonance.org/ch/11-03.html}",
    note         = "{Last Accessed: 30/01/15}"
}

@MISC {pregnancyimagingguidelines,
    author       = "American Congress of Obstetricians and Gynecologists",
    title        = "{Guidelines for Diagnostic Imaging During Pregnancy}",
    howpublished = "{http://www.acog.org/Resources-And-Publications/Committee-Opinions/Committee-on-Obstetric-Practice/Guidelines-for-Diagnostic-Imaging-During-Pregnancy}",
    note         = "{Last Accessed: 30/01/15}"
}

@MISC {howmriworks,
    author       = "How Equipment Works.com",
    title        = "{Magnetic Resonance Imaging: Basic principles of how it works}",
    howpublished = "{http://www.howequipmentworks.com/physics/medical\_imaging/mri/magnetic\_resonance\_imaging.html}",
    note         = "{Last Accessed: 30/01/15}"
}

@TECHREPORT {fetalmri,
    author      = "Sahar N. Saleem",
    title       = "Fetal MRI: An approach to practice: A review",
    institution = "Kasr Al Ainy Faculty of Medicine",
    year        = "2013",
    address     = "http://www.sciencedirect.com/science/article/pii/S2090123213000805"
}

@TECHREPORT {superresolution1,
    author      = "Eric Van Reeth and Ivan W. K. Tham and Cher Heng Tan and Chueh Loo Poh",
    title       = "Super-Resolution in Magnetic Resonance Imaging: A Review",
    institution = "Nanyang Technological University, National University Cancer Institute, Tan Tock Seng Hospital",
    year        = "2012",
    address     = "http://onlinelibrary.wiley.com/doi/10.1002/cmr.a.21249/abstract"
}

@TECHREPORT {superresolution2,
    author      = "Sung Cheol Park and Min Kyu Park and Moon Gi Kang",
    title       = "Super-Resolution Image Reconstruction: A Technical Overview",
    institution = "IEEE",
    year        = "2003",
    address     = "http://ieeexplore.ieee.org/stamp/stamp.jsp?arnumber=1203207\&tag=1"
}

@MISC {wienerfilter,
    author       = "Rice University",
    title        = "{Wiener Filtering}",
    howpublished = "{http://www.owlnet.rice.edu/~elec539/Projects99/BACH/proj2/wiener.html}",
    note         = "{Last Accessed: 30/01/15}"
}

@TECHREPORT {shannonnyquist,
    author      = "Claude E. Shannon",
    title       = "Communication in the Presence of Noise",
    institution = "IEEE",
    year        = "1998",
    address     = "http://web.stanford.edu/class/ee104/shannonpaper.pdf",
    note        = "Last Accessed: 30/01/2015"
}

@MISC {nvidia:volumerendering,
    author       = "Nvidia",
    title        = "Chapter 39. Volume Rendering Techniques",
    howpublished = "http://http.developer.nvidia.com/GPUGems/gpugems\_ch39.html",
    note         = "{Last Accessed: 30/01/15}"
}

@TECHREPORT {surfacevsvolumerendering,
    author      = "Ramin Shahidi",
    title       = "Surface Rendering versus Volume Rendering in Medical Imaging: Techniques and Applications",
    institution = "Stanford University Medical Center",
    year        = "1996",
    address     = "http://ieeexplore.ieee.org/xpl/articleDetails.jsp?arnumber=568151",
    note        = "Last Accessed: 30/01/15"
}

@TECHREPORT {attractiveflicker,
    author      = "Manuela Waldner and Mathieu Le Muzic and Matthias Bernhard and Werner Purgathofer and Ivan Viola",
    title       = "Attractive Flicker - Guiding Attention in Dynamic Narrative Visualizations",
    institution = "Vienna University of Technology and VRVis Research Center",
    year        = "2014",
    address     = "http://ieeexplore.ieee.org/xpl/articleDetails.jsp?arnumber=6876019\&contentType=Early+Access+Articles"
}

@TECHREPORT {labelling,
    author      = "S. Oeltze-Jafra and B. Preim",
    title       = "Survey of Labeling Techniques in Medical Visualizations",
    institution = "University of Magdeburg",
    year        = "2014",
    address     = "http://www.vismd.de/lib/exe/fetch.php?media=files:labelling:oeltze\_2014\_vcbm.pdf"
}

@TECHREPORT {uncertaintyoverview,
    author      = "Ken Brodlie and Rodolfo Allendes Osorio and Adriano Lopes",
    title       = "A Review of Uncertainty in Data Visualization",
    institution = "University of Leeds and University of Talca and Universidade Nova de Lisboa",
    year        = "2012",
    address     = "http://www.comp.leeds.ac.uk/kwb/publication\_repository/2012/uncert.pdf"
}

@MISC {heatmap,
    author       = "The Walking Bostonian",
    title        = "MBTA service heat map",
    howpublished = "http://walkingbostonian.blogspot.co.uk/2012/02/mbta-service-heat-map.html",
    note         = "{Last Accessed: 30/01/15}"
}

@MISC {ransac:image,
    author       = "Msm",
    title        = "Fitted line",
    howpublished = "http://commons.wikimedia.org/wiki/File:Fitted\_line.svg",
    note         = "{Last Accessed: 30/01/15}"
}

@MISC {marching_squares:image,
    author       = "Ben Anderson",
    title        = "An Implementation of the Marching Cubes[1] Algorithm",
    howpublished = "http://www.cs.carleton.edu/cs\_comps/0405/shape/marching\_cubes.html",
    note         = "{Last Accessed: 30/01/15}"
}

@MISC {niftivtk,
    author       = "fbeeper",
    title        = "Load volumetric NIFTI data into VTK using ITK",
    howpublished = "https://github.com/fbeeper/nifti-vtk",
    note         = "{Last Accessed: 30/01/15}"
}

@TECHREPORT {uncertaintysvd,
    author      = "Bernhard Kainz and Christina Malamateniou and Giulio Ferrazzi and Maria Murgasova and Jan Egger and Kevin Keraudren and Mary Rutherford and Joseph Hajnal and Daniel Rueckert",
    title       = "Adaptive scan strategies for fetal MRI imaging using slice to volume techniques",
    institution = "Imperial College London and Kings College London and University of Technology, Austria",
    year        = "2015"
}

@TECHREPORT {gpureconstruction,
    author      = "Bernhard Kainz and Markus Steinberger and Wolfgang Wein and Maria Kuklisova-Murgasova and Christina Malamateniou and Kevin Keraudren and Thomas Torsney-Weir and Mary Rutherford and Paul Aljabar and Joseph V. Hajnal and and Daniel Rueckert",
    title       = "Fast Volume Reconstruction from Motion Corrupted Stacks of 2D Slices",
    institution = "Imperial College London and Kings College London",
    year        = "2015",
    address     = "http://ieeexplore.ieee.org/xpl/articleDetails.jsp?arnumber=7064742"
}

@MISC {ctkcmd},
    author       = "CTK",
    title        = "CTK Command Line Modules",
    howpublished = "http://www.commontk.org/docs/html/CommandLineModules\_Page.html",
    note         = "{Last Accessed: 07/06/15}"
}

@MISC {mrilab},
    author       = "Fang Liu ",
    title        = "MRiLab",
    howpublished = "http://mrilab.sourceforge.net/",
    note         = "{Last Accessed: 08/06/15}"
}

@TECHREPORT {fetalmovement,
    author      = "Janet A. DiPietro and Marc H. Bornstein and Kathleen A. Costigan and Eva K. Pressman and Chun-Shin Hahn and Kathleen Painter and Barbara A. Smith and Linda J. Yi",
    title       = "What Does Fetal Movement Predict About Behavior During the First Two Years of Life?",
    institution = "Johns Hopkins University and National Institute of Child Health and Human Development",
    year        = "2001",
    address     = "http://www.jhsph.edu/research/centers-and-institutes/johns-hopkins-fetal-development-project/\_materials/\_publications/movement.pdf"
}

@MISC {mrilab},
    author       = "Fang Liu ",
    title        = "MRiLab",
    howpublished = "http://mrilab.sourceforge.net/",
    note         = "{Last Accessed: 08/06/15}"
}

@BOOK {basicsofmri,
    author    = "Joseph P. Hornak",
    title     = "The Basics of MRI",
    publisher = "Rochester Institute of Technology",
    year      = "1997",
    address   = "https://www.cis.rit.edu/htbooks/mri/chap-8/chap-8.htm"
}